<record><leader>00000cas a22000007a 4500</leader><controlfield tag="001">35162651</controlfield><controlfield tag="008">960730d19611963okuwr n       0    0eng d</controlfield><datafield ind1=" " ind2=" " tag="010"><subfield code="a">sn 96087984 </subfield></datafield><datafield ind1=" " ind2=" " tag="040"><subfield code="a">OBN</subfield><subfield code="b">eng</subfield><subfield code="c">OBN</subfield><subfield code="d">OCLCQ</subfield><subfield code="d">OCLCF</subfield><subfield code="d">OCLCO</subfield></datafield><datafield ind1="1" ind2=" " tag="029"><subfield code="a">AU@</subfield><subfield code="b">000012746104</subfield></datafield><datafield ind1=" " ind2=" " tag="042"><subfield code="a">msc</subfield></datafield><datafield ind1=" " ind2=" " tag="043"><subfield code="a">n-us-ok</subfield></datafield><datafield ind1="0" ind2="4" tag="245"><subfield code="a">The Hugo democrat.</subfield></datafield><datafield ind1=" " ind2=" " tag="260"><subfield code="a">Hugo, Okla. :</subfield><subfield code="b">Little Dixie Pub. Co.</subfield></datafield><datafield ind1=" " ind2=" " tag="300"><subfield code="a">v.</subfield></datafield><datafield ind1=" " ind2=" " tag="310"><subfield code="a">Weekly</subfield></datafield><datafield ind1="1" ind2=" " tag="362"><subfield code="a">Vol. 40 (June 1, 1961)-v. 59, no. 38 (May 30, 1963).</subfield></datafield><datafield ind1=" " ind2="0" tag="651"><subfield code="a">Hugo (Okla.)</subfield><subfield code="v">Newspapers.</subfield></datafield><datafield ind1=" " ind2="0" tag="651"><subfield code="a">Choctaw County (Okla.)</subfield><subfield code="v">Newspapers.</subfield></datafield><datafield ind1=" " ind2="7" tag="655"><subfield code="a">Newspapers.</subfield><subfield code="2">fast</subfield><subfield code="0">(OCoLC)fst01423814</subfield></datafield><datafield ind1=" " ind2="7" tag="651"><subfield code="a">Oklahoma</subfield><subfield code="z">Choctaw County.</subfield><subfield code="2">fast</subfield><subfield code="0">(OCoLC)fst01209208</subfield></datafield><datafield ind1=" " ind2="7" tag="651"><subfield code="a">Oklahoma</subfield><subfield code="z">Hugo.</subfield><subfield code="2">fast</subfield><subfield code="0">(OCoLC)fst01220553</subfield></datafield><datafield ind1=" " ind2=" " tag="752"><subfield code="a">United States</subfield><subfield code="b">Oklahoma</subfield><subfield code="c">Choctaw</subfield><subfield code="d">Hugo.</subfield></datafield><datafield ind1="0" ind2=" " tag="775"><subfield code="t">Hugo daily news</subfield><subfield code="w">(DLC)sn 86064088</subfield><subfield code="w">(OCoL)13676420</subfield></datafield><datafield ind1="0" ind2="0" tag="780"><subfield code="t">Husonian-democrat</subfield><subfield code="w">(DLC)sn 96087983</subfield><subfield code="w">(OCoLC)35162605</subfield></datafield><datafield ind1="0" ind2="7" tag="785"><subfield code="t">Boswell news (Boswell, Okla. : 1902)</subfield><subfield code="w">(DLC)sn 96087985</subfield><subfield code="w">(OCoLC)35162715</subfield></datafield><datafield ind1="0" ind2="7" tag="785"><subfield code="t">Choctaw County weekly</subfield><subfield code="w">(DLC)sn 96087987</subfield><subfield code="w">(OCoLC)35162899</subfield></datafield></record>